<record><leader>00000cas a2200000 a 4500</leader><controlfield tag="001">15028162</controlfield><controlfield tag="008">861231d18811882inuwr ne      0    0eng c</controlfield><datafield ind1=" " ind2=" " tag="010"><subfield code="a">sn 87055014 </subfield></datafield><datafield ind1=" " ind2=" " tag="040"><subfield code="a">NPI</subfield><subfield code="b">eng</subfield><subfield code="c">NPI</subfield><subfield code="d">OCLCQ</subfield><subfield code="d">IUL</subfield><subfield code="d">OCLCF</subfield></datafield><datafield ind1=" " ind2=" " tag="042"><subfield code="a">pcc</subfield></datafield><datafield ind1=" " ind2=" " tag="043"><subfield code="a">n-us-in</subfield></datafield><datafield ind1="0" ind2=" " tag="130"><subfield code="a">Press (Greencastle, Ind. : 1881)</subfield></datafield><datafield ind1="1" ind2="4" tag="245"><subfield code="a">The press.</subfield></datafield><datafield ind1=" " ind2=" " tag="260"><subfield code="a">Greencastle, Ind. :</subfield><subfield code="b">Howard Briggs,</subfield><subfield code="c">1881-</subfield></datafield><datafield ind1=" " ind2=" " tag="300"><subfield code="a">volumes</subfield></datafield><datafield ind1=" " ind2=" " tag="310"><subfield code="a">Weekly</subfield></datafield><datafield ind1="0" ind2=" " tag="362"><subfield code="a">Vol. 23, no. 46 (Mar. 9, 1881)- = whole no. 1180-</subfield></datafield><datafield ind1=" " ind2=" " tag="588"><subfield code="a">Latest issue consulted: volume 24, number 36 (December 28, 1881) = whole no. 1322; U.S. Newspaper Archive (viewed April 25, 2017).</subfield></datafield><datafield ind1=" " ind2="0" tag="651"><subfield code="a">Greencastle (Ind.)</subfield><subfield code="v">Newspapers.</subfield></datafield><datafield ind1=" " ind2="0" tag="651"><subfield code="a">Putnam County (Ind.)</subfield><subfield code="v">Newspapers.</subfield></datafield><datafield ind1=" " ind2="7" tag="655"><subfield code="a">Newspapers.</subfield><subfield code="2">fast</subfield><subfield code="0">(OCoLC)fst01423814</subfield></datafield><datafield ind1=" " ind2="7" tag="651"><subfield code="a">Indiana</subfield><subfield code="z">Greencastle.</subfield><subfield code="2">fast</subfield><subfield code="0">(OCoLC)fst01206132</subfield></datafield><datafield ind1=" " ind2="7" tag="651"><subfield code="a">Indiana</subfield><subfield code="z">Putnam County.</subfield><subfield code="2">fast</subfield><subfield code="0">(OCoLC)fst01218230</subfield></datafield><datafield ind1=" " ind2=" " tag="752"><subfield code="a">United States</subfield><subfield code="b">Indiana</subfield><subfield code="c">Putnam</subfield><subfield code="d">Greencastle.</subfield></datafield><datafield ind1="0" ind2="0" tag="780"><subfield code="t">Dollar press</subfield><subfield code="w">(DLC)sn 87055012</subfield><subfield code="w">(OCoLC)15028185</subfield></datafield><datafield ind1="0" ind2="7" tag="785"><subfield code="t">Greencastle star</subfield><subfield code="w">(DLC)sn 84023933</subfield><subfield code="w">(OCoLC)11082708</subfield></datafield><datafield ind1="0" ind2="7" tag="785"><subfield code="t">Greencastle star-press</subfield><subfield code="w">(DLC)sn 86058072</subfield><subfield code="w">(OCoLC)13408093</subfield></datafield><datafield ind1="4" ind2="1" tag="856"><subfield code="u">https://access.newspaperarchive.com/us/indiana/greencastle/greencastle-press/</subfield></datafield></record>